@book{agresti2003,
  title={Categorical data analysis},
  author={Agresti, Alan},
  volume={482},
  year={2003},
  publisher={John Wiley \& Sons}
}
